% Encoding: UTF-8

@article{perry2022uncertainty,
  title={Uncertainty and learning in a technologically dynamic industry: Seed density in US maize},
  author={Perry, Edward D and Hennessy, David A and Moschini, GianCarlo},
  journal={American Journal of Agricultural Economics},
  volume={104},
  number={4},
  pages={1388--1410},
  year={2022},
  publisher={Wiley Online Library}
}

@article{usdanass,
  title={Census of Agriculture, Crop Production Historical Track Records},
  author={USDA NASS},
   year={2024},
   journal={www.nass.usda.gov/AgCensus}
}


@article{edge2024processing,
  title={Processing of On-Farm Precision Experiment Data in the DIFM Project},
  author={Edge, Brittani and Mieno, Taro and Bullock, David S},
  year={2024},
  journal={Center for Open Science}
}

@article{lix2021design,
  title={The Economic Performances of Different Trial Designs in On-Farm Precision Experimentation:  A Monte Carlo Evaluation},
  author={Li, Xiaofei and Taro Mieno, and David S Bullock},
  journal={Working paper},
  year={2021}
}

@article{thornton2022daymet,
  title={Daymet: Monthly Climate Summaries on a 1-km Grid for North America, Version 4 R1. ORNL DAAC, Oak Ridge, Tennessee, USA.},
  author={Thornton, MM and Shrestha, R and Wei, Y and Thornton, PE and Kao, S and Wilson, BE},
 journal={https://doi.org/10.3334/ORNLDAAC/2131},
  year={2022}
}

@article{r2021language,
  title={A language and environment for statistical computing},
  author={R Core Team and others},
  journal={ https://www.R-project.org/},
  year={2021}
}


@article{bullock2019data,
  title={The data-intensive farm management project: changing agronomic research through on-farm precision experimentation},
  author={Bullock, David S and Boerngen, Maria and Tao, Haiying and Maxwell, Bruce and Luck, Joe D and Shiratsuchi, Luciano and Puntel, Laila and Martin, Nicolas F},
  journal={Agronomy Journal},
  volume={111},
  number={6},
  pages={2736--2746},
  year={2019},
  publisher={Wiley Online Library}
}


@article{ernst2024seeding,
  title={Seeding: Back to the Basics},
  author={Ernst, Matt},
  journal={Crops \& Soils},
  volume={57},
  number={3},
  pages={12--17},
  year={2024},
  publisher={Wiley Online Library}
}

@article{fernandez2014genetically,
  title={Genetically engineered crops in the United States},
  author={Fernandez-Cornejo, Jorge and Wechsler, Seth and Livingston, Mike and Mitchell, Lorraine},
  journal={USDA-ERS Economic Research Report},
  number={162},
  year={2014}
}

@article{morris2018strengths,
  title={Strengths and limitations of nitrogen rate recommendations for corn and opportunities for improvement},
  author={Morris, Thomas F and Murrell, T Scott and Beegle, Douglas B and Camberato, James J and Ferguson, Richard B and Grove, John and Ketterings, Quirine and Kyveryga, Peter M and Laboski, Carrie AM and McGrath, Joshua M and others},
  journal={Agronomy journal},
  volume={110},
  number={1},
  pages={1--37},
  year={2018},
  publisher={Wiley Online Library}
}

@article{licht2017corn,
  title={Corn (Zea mays L.) seeding rate optimization in Iowa, USA},
  author={Licht, Mark A and Lenssen, Andrew W and Elmore, Roger W},
  journal={Precision Agriculture},
  volume={18},
  pages={452--469},
  year={2017},
  publisher={Springer}
}


@article{howard2024evaluating,
  title={Evaluating the tradeoff between cost effectiveness and participation in agricultural conservation programs},
  author={Howard, Gregory and Zhang, Wendong and Valcu-Lisman, Adriana and Gassman, Philip W},
  journal={American Journal of Agricultural Economics},
  volume={106},
  number={2},
  pages={712--738},
  year={2024},
  publisher={Wiley Online Library}
}


@article{merel2014regional,
  title={A regional bio-economic model of nitrogen use in cropping},
  author={M{\'e}rel, Pierre and Yi, Fujin and Lee, Juhwan and Six, Johan},
  journal={American Journal of Agricultural Economics},
  volume={96},
  number={1},
  pages={67--91},
  year={2014},
  publisher={Wiley Online Library}
}


@article{hirel2011improving,
  title={Improving nitrogen use efficiency in crops for sustainable agriculture},
  author={Hirel, Bertrand and T{\'e}tu, Thierry and Lea, Peter J and Dubois, Fr{\'e}d{\'e}ric},
  journal={Sustainability},
  volume={3},
  number={9},
  pages={1452--1485},
  year={2011},
  publisher={Molecular Diversity Preservation International (MDPI)}
}

@article{zhang2015managing,
  title={Managing nitrogen for sustainable development},
  author={Zhang, Xin and Davidson, Eric A and Mauzerall, Denise L and Searchinger, Timothy D and Dumas, Patrice and Shen, Ye},
  journal={Nature},
  volume={528},
  number={7580},
  pages={51--59},
  year={2015},
  publisher={Nature Publishing Group UK London}
}

@article{clancy2017intellectual,
  title={Intellectual property rights and the ascent of proprietary innovation in agriculture},
  author={Clancy, Matthew S and Moschini, GianCarlo},
  journal={Annual Review of Resource Economics},
  volume={9},
  pages={53--74},
  year={2017},
  publisher={Annual Reviews}
}


@article{hennessy2022characterizing,
  title={Characterizing the Decision Process in Setting Corn and Soybean Seeding Rates},
  author={Hennessy, David A and Lindsey, Alexander J and Che, Yuyuan and Lindsey, Laura E and Singh, Maninder Pal and Feng, Hongli and Hawkins, Elizabeth M and Subburayalu, Sakthi and Black, Roy and Richer, Eric A and others},
  journal={The Journal of Extension},
  volume={60},
  number={1},
  pages={3},
  year={2022}
}


@article{illinois2023seed,
title={Planting corn in 2023},
author={Nafziger, Emerson D and Giovani Preza Fontes},
year={2023},
  journal={Department of Crop Sciences, University of Illinois}
}


@article{assefa2018analysis,
  title={Analysis of long term study indicates both agronomic optimal plant density and increase maize yield per plant contributed to yield gain},
  author={Assefa, Yared and Carter, Paul and Hinds, Mark and Bhalla, Gaurav and Schon, Ryan and Jeschke, Mark and Paszkiewicz, Steve and Smith, Stephen and Ciampitti, Ignacio A},
  journal={Scientific Reports},
  volume={8},
  number={1},
  pages={4937},
  year={2018},
  publisher={Nature Publishing Group UK London}
}


@article{johnson2014assessment,
  title={An assessment of pre-and within-season remotely sensed variables for forecasting corn and soybean yields in the United States},
  author={Johnson, David M},
  journal={Remote Sensing of Environment},
  volume={141},
  pages={116--128},
  year={2014},
  publisher={Elsevier}
}

@article{schwalbert2018corn,
  title={Corn yield response to plant density and nitrogen: spatial models and yield distribution},
  author={Schwalbert, Rai and Amado, Telmo JC and Horbe, Tiago AN and Stefanello, Lincon O and Assefa, Y and Prasad, PV Vara and Rice, Charles W and Ciampitti, Ignacio A},
  journal={Agronomy Journal},
  volume={110},
  number={3},
  pages={970--982},
  year={2018},
  publisher={Wiley Online Library}
}

@article{rigden2020combined,
  title={Combined influence of soil moisture and atmospheric evaporative demand is important for accurately predicting US maize yields},
  author={Rigden, AJ and Mueller, ND and Holbrook, NM and Pillai, Natesh and Huybers, Peter},
  journal={Nature Food},
  volume={1},
  number={2},
  pages={127--133},
  year={2020},
  publisher={Nature Publishing Group UK London}
}

@article{kukal2018climate,
  title={Climate-driven crop yield and yield variability and climate change impacts on the US Great Plains agricultural production},
  author={Kukal, Meetpal S and Irmak, Suat},
  journal={Scientific reports},
  volume={8},
  number={1},
  pages={1--18},
  year={2018},
  publisher={Nature Publishing Group}
}


@article{schlenker2006nonlinear,
  title={Nonlinear effects of weather on corn yields},
  author={Schlenker, Wolfram and Roberts, Michael J},
  journal={Review of agricultural economics},
  volume={28},
  number={3},
  pages={391--398},
  year={2006},
  publisher={JSTOR}
}

@article{lindsey2018modeling,
  title={Modeling the effect of varied and fixed seeding rates at a small-plot scale},
  author={Lindsey, Alexander J and Thomison, Peter R and Nafziger, Emerson D},
  journal={Agronomy Journal},
  volume={110},
  number={6},
  pages={2456--2461},
  year={2018},
  publisher={Wiley Online Library}
}


@article{nielsen2019yield,
  title={Yield response of corn to plant population in Indiana},
  author={Nielsen, RL and Lee, Jason and Hettinga, John and Camberato, Jim},
  journal={Purdue University Department of Agronomy Applied Crop Production Research Update},
  year={2019}
}


@article{clancy2017intellectual,
  title={Intellectual property rights and the ascent of proprietary innovation in agriculture},
  author={Clancy, Matthew S and Moschini, GianCarlo},
  journal={Annual Review of Resource Economics},
  volume={9},
  pages={53--74},
  year={2017},
  publisher={Annual Reviews}
}

@article{lacasa2020bayesian,
  title={Bayesian approach for maize yield response to plant density from both agronomic and economic viewpoints in North America},
  author={Lacasa, Josefina and Gaspar, Adam and Hinds, Mark and Jayasinghege Don, Sampath and Berning, Dan and Ciampitti, Ignacio A},
  journal={Scientific reports},
  volume={10},
  number={1},
  pages={15948},
  year={2020},
  publisher={Nature Publishing Group UK London}
}

@article{saavoss2021trends,
  title={Trends in Production Practices and Costs of the US Corn Sector},
  author={Saavoss, Monica and Capehart, Tom and McBride, William and Effland, Anne},
  journal={10.22004/ag.econ.312954},
  year={2021} 
}

